@online{Abacus,
author = {Wikipédia},
title = {Abacus},
year = {2018},
url = {https://en.wikipedia.org/wiki/Abacus#History},
}

%%%%%%%%%%%%%%%%%%%%%%%%%%%%%%%%%%%%%%%%%%%%%%%%%%%%

@online{LaPascaline,
author = { Wikipédia},
title = {Pascal's calculator},
year = {2018},
url = {https://en.wikipedia.org/wiki/Pascal%27s_calculator},
}

%%%%%%%%%%%%%%%%%%%%%%%%%%%%%%%%%%%%%%%%%%%%%%%%%%%%

@online{StepReckoner,
author = {Paul Freiberger, Michael Swaine },
title = {Step Reckoner Calculating Machine},
year = {2018},
url = {https://www.britannica.com/technology/Step-Reckoner},
}

%%%%%%%%%%%%%%%%%%%%%%%%%%%%%%%%%%%%%%%%%%%%%%%%%%%%

@online{Cabbage,
author = {Doron Swade},
title = {The Engines},
year = {},
url = {http://www.computerhistory.org/babbage/engines/},
}

%%%%%%%%%%%%%%%%%%%%%%%%%%%%%%%%%%%%%%%%%%%%%%%%%%%%%%%%

@online{Valvulas,
author = {Computer Sciences},
title = {Vacuum Tubes},
year = {2018},
url = {https://www.encyclopedia.com/science-and-technology/computers-and-electrical-engineering/electrical-engineering/vacuum-tube},
}

%%%%%%%%%%%%%%%%%%%%%%%%%%%%%%%%%%%%%%%%%%%%%%%%%%%%%%%%%

@online{Memoria,
author = {QuinStreet},
title = {Magnetic Drum},
year = {2018},
url = {https://www.webopedia.com/TERM/M/magnetic_drum.html},
}

%%%%%%%%%%%%%%%%%%%%%%%%%%%%%%%%%%%%%%%%%%%%%%%%%%%%%%%%

@online{Z1,
author = {Wikipédia},
title = {Z1 (Computer)},
year = {2018},
url = {https://en.wikipedia.org/wiki/Z1_(computer)},
}

%%%%%%%%%%%%%%%%%%%%%%%%%%%%%%%%%%%%%%%%%%%%%%%%%%%%%%%%%

@online{ENIAC,
author = {Wikipédia},
title = {ENIAC},
year = {2018},
url = {https://en.wikipedia.org/wiki/ENIAC},
}

%%%%%%%%%%%%%%%%%%%%%%%%%%%%%%%%%%%%%%%%%%%%%%%%%%%%%%%%%

@online{CodigoMaquina,
author = {Margaret Rouse},
title = {Machine code (machine language) },
year = {2018},
url = {https://whatis.techtarget.com/definition/machine-code-machine-language},
}

%%%%%%%%%%%%%%%%%%%%%%%%%%%%%%%%%%%%%%%%%%%%%%%%%%%%%%%%%
@online{Transistores,
author = {Michael Riordan},
title = {Transistor},
year = {2018},
url = {https://www.britannica.com/technology/transistor},
}

%%%%%%%%%%%%%%%%%%%%%%%%%%%%%%%%%%%%%%%%%%%%%%%%%%%%%%%%%%
@online{memoriamagnetica,
author = {Wikipédia},
title = {Magnetic-core memory},
year = {2018},
url = {https://en.wikipedia.org/wiki/Magnetic-core_memory},
}
%%%%%%%%%%%%%%%%%%%%%%%%%%%%%%%%%%%%%%%%%%%%%%%%%%%%%%%%%%%
@online{terceirageracao,
author = {wikipédia},
title = {Terceira geração de computadores},
year = {2018},
url = {https://pt.wikipedia.org/wiki/Terceira_geração_de_computadores},
}
%%%%%%%%%%%%%%%%%%%%%%%%%%%%%%%%%%%%%%%%%%%%%%%%%%%%%%%%%%%
@online{leidemoore,
author = {Wikipédia},
title = {Lei de Moore},
year = {2018},
url = {https://pt.wikipedia.org/wiki/Lei_de_Moore},
}
%%%%%%%%%%%%%%%%%%%%%%%%%%%%%%%%%%%%%%%%%%%%%%%%%%%%%%%%%%
@online{quartageracao,
author = {Wikipédia},
title = {Quarta geração de computadores},
year = {2018},
url = {https://pt.wikipedia.org/wiki/Quarta_geração_de_computadores},
}
%%%%%%%%%%%%%%%%%%%%%%%%%%%%%%%%%%%%%%%%%%%%%%%%%%%%%%%%%%%%
@online{quintageracao,
author = {Wikipédia},
title = {Quinta geração de computadores},
year = {2018},
url = {https://pt.wikipedia.org/wiki/Computação_da_quinta_geração},
}
%%%%%%%%%%%%%%%%%%%%%%%%%%%%%%%%%%%%%%%%%%%%%%%%%%%%%%%%%%%
@online{computacaoparalela,
author = {Wikipédia},
title = {Computação Paralela},
year = {2018},
url = {https://pt.wikipedia.org/wiki/Computação_paralela},
}
%%%%%%%%%%%%%%%%%%%%%%%%%%%%%%%%%%%%%%%%%%%%%%%%%%%%%%%%%%%%%%%%
@online{artificial,
author = {Wikipédia},
title = {Inteligência Artificial},
year = {2018},
url = {https://pt.wikipedia.org/wiki/Inteligência_artificial},
}
%%%%%%%%%%%%%%%%%%%%%%%%%%%%%%%%%%%%%%%%%%%%%%%%%%%%%%%%%%%%%%%%
@online{internet,
author = {Wikipédia},
title = {Internet},
year = {2018},
url = {https://en.wikipedia.org/wiki/Internet},
}
%%%%%%%%%%%%%%%%%%%%%%%%%%%%%%%%%%%%%%%%%%%%%%%%%%%%%%%%%%%%%
@online{ARPANET,
author = {Wikipédia},
title = {ARPANET},
year = {2018},
url = {https://en.wikipedia.org/wiki/ARPANET},
}
